<record><leader>00000cas a22000007a 4500</leader><controlfield tag="001">10928593</controlfield><controlfield tag="008">840709d19111972nyuwr ne      0    0eng d</controlfield><controlfield tag="009">148</controlfield><datafield ind1=" " ind2=" " tag="010"><subfield code="a">sn 84031366 </subfield></datafield><datafield ind1=" " ind2=" " tag="040"><subfield code="a">NYG</subfield><subfield code="b">eng</subfield><subfield code="c">NYG</subfield><subfield code="d">NPX</subfield><subfield code="d">NYS</subfield><subfield code="d">OCLCQ</subfield></datafield><datafield ind1="1" ind2=" " tag="029"><subfield code="a">AU@</subfield><subfield code="b">000020375482</subfield></datafield><datafield ind1=" " ind2=" " tag="042"><subfield code="a">msc</subfield></datafield><datafield ind1="0" ind2="4" tag="245"><subfield code="a">The Otsego farmer and the Otsego Republican.</subfield></datafield><datafield ind1=" " ind2=" " tag="260"><subfield code="a">Cooperstown, N.Y. :</subfield><subfield code="b">Arthur H. Crist Co.,</subfield><subfield code="c">1911-1972.</subfield></datafield><datafield ind1=" " ind2=" " tag="300"><subfield code="a">v. :</subfield><subfield code="b">ill. ;</subfield><subfield code="c">57 cm.</subfield></datafield><datafield ind1=" " ind2=" " tag="310"><subfield code="a">Weekly</subfield></datafield><datafield ind1="0" ind2=" " tag="362"><subfield code="a">Vol. 25, no. 5 (Jan. 6, 1911)-v. 86, no. 36 (June 1, 1972).</subfield></datafield><datafield ind1=" " ind2=" " tag="500"><subfield code="a">Publishers: Arthur H. Crist Co., 1911-1920; The Otsego Farmer, Inc., 1920-1972.</subfield></datafield><datafield ind1=" " ind2="4" tag="651"><subfield code="a">Cooperstown (N.Y.)</subfield><subfield code="v">Newspapers.</subfield></datafield><datafield ind1=" " ind2=" " tag="752"><subfield code="a">United States</subfield><subfield code="b">New York</subfield><subfield code="c">Otsego</subfield><subfield code="d">Cooperstown.</subfield></datafield><datafield ind1="0" ind2="4" tag="780"><subfield code="t">Otsego farmer</subfield><subfield code="w">(DLC)sn 87070110</subfield></datafield><datafield ind1="0" ind2="4" tag="780"><subfield code="t">Otsego Republican (Cooperstown, N.Y. : 1878)</subfield><subfield code="w">(DLC)sn 83031220</subfield></datafield></record>